@inproceedings{kaisler2013big,
  title={Big data: Issues and challenges moving forward},
  author={Kaisler, Stephen and Armour, Frank and Espinosa, J Alberto and Money, William},
  booktitle={System Sciences (HICSS), 2013 46th Hawaii International Conference on},
  pages={995--1004},
  year={2013},
  organization={IEEE}
}

@inproceedings{tang2015ripq,
  title={RIPQ: Advanced Photo Caching on Flash for Facebook.},
  author={Tang, Linpeng and Huang, Qi and Lloyd, Wyatt and Kumar, Sanjeev and Li, Kai},
  booktitle={FAST},
  pages={373--386},
  year={2015}
}

@inproceedings{nishtala2013scaling,
  title={Scaling Memcache at Facebook.},
  author={Nishtala, Rajesh and Fugal, Hans and Grimm, Steven and Kwiatkowski, Marc and Lee, Herman and Li, Harry C and McElroy, Ryan and Paleczny, Mike and Peek, Daniel and Saab, Paul and others},
  booktitle={nsdi},
  volume={13},
  pages={385--398},
  year={2013}
}

@article{ma2017segment,
  title={Segment access-aware dynamic semantic cache in cloud computing environment},
  author={Ma, Kun and Yang, Bo and Yang, Zhe and Yu, Ziqiang},
  journal={Journal of Parallel and Distributed Computing},
  year={2017},
  publisher={Elsevier}
}

@inproceedings{manjhi2005finding,
  title={Finding (recently) frequent items in distributed data streams},
  author={Manjhi, Amit and Shkapenyuk, Vladislav and Dhamdhere, Kedar and Olston, Christopher},
  booktitle={Data Engineering, 2005. ICDE 2005. Proceedings. 21st International Conference on},
  pages={767--778},
  year={2005},
  organization={IEEE}
}

@inproceedings{wu2011characterization,
  title={Characterization and dynamic mitigation of intra-application cache interference},
  author={Wu, Carole-Jean and Martonosi, Margaret},
  booktitle={Performance Analysis of Systems and Software (ISPASS), 2011 IEEE International Symposium on},
  pages={2--11},
  year={2011},
  organization={IEEE}
}


@article{ma2017column,
  title={Column access-aware in-stream data cache with stream processing framework},
  author={Ma, Kun and Yang, Bo},
  journal={Journal of Signal Processing Systems},
  volume={86},
  number={2-3},
  pages={191--205},
  year={2017},
  publisher={Springer}
}

@inproceedings{candan2001enabling,
  title={Enabling dynamic content caching for database-driven web sites},
  author={Candan, K Sel{\c{c}}uk and Li, Wen-Syan and Luo, Qiong and Hsiung, Wang-Pin and Agrawal, Divyakant},
  booktitle={ACM SIGMOD Record},
  volume={30},
  number={2},
  pages={532--543},
  year={2001},
  organization={ACM}
}

@article{davison2001web,
  title={A web caching primer},
  author={Davison, Brian D},
  journal={IEEE internet computing},
  volume={5},
  number={4},
  pages={38--45},
  year={2001},
  publisher={IEEE}
}

@article{kumar2008new,
  title={A new approach for a proxy-level web caching mechanism},
  author={Kumar, Chetan and Norris, John B},
  journal={Decision Support Systems},
  volume={46},
  number={1},
  pages={52--60},
  year={2008},
  publisher={Elsevier}
}

@article{mookerjee2002analysis,
  title={Analysis of a least recently used cache management policy for Web browsers},
  author={Mookerjee, Vijay S and Tan, Yong},
  journal={Operations Research},
  volume={50},
  number={2},
  pages={345--357},
  year={2002},
  publisher={INFORMS}
}

@article{vakali2003content,
  title={Content delivery networks: Status and trends},
  author={Vakali, Athena and Pallis, George},
  journal={IEEE Internet Computing},
  volume={7},
  number={6},
  pages={68--74},
  year={2003},
  publisher={IEEE}
}

@article{zawodny2009redis,
  title={Redis: Lightweight key/value store that goes the extra mile},
  author={Zawodny, Jeremy},
  journal={Linux Magazine},
  volume={79},
  year={2009}
}

@article{hafeez2017realizing,
  title={Realizing an Elastic Memcached via Cached Data Migration},
  author={Hafeez, Ubaid Ullah and Male, Deepthi and Naeni, Sharath Kumar and Wajahat, Muhammad and Gandhi, Anshul},
  journal={Restoration},
  volume={23},
  number={24},
  pages={25},
  year={2017}
}

@inproceedings{kiczales2001aspect,
  title={Aspect-oriented programming},
  author={Kiczales, Gregor and Hilsdale, Erik},
  booktitle={ACM SIGSOFT Software Engineering Notes},
  volume={26},
  number={5},
  pages={313},
  year={2001},
  organization={ACM}
}

@article{ma2013toward,
  title={Toward a Module-centralized and Aspect-oriented Monitoring Framework in Clouds.},
  author={Ma, Kun and Sun, Runyuan and Abraham, Ajith},
  journal={J. UCS},
  volume={19},
  number={15},
  pages={2241--2265},
  year={2013}
}

@article{scheuermann1998data,
  title={Data partitioning and load balancing in parallel disk systems},
  author={Scheuermann, Peter and Weikum, Gerhard and Zabback, Peter},
  journal={The VLDB Journalâ€”The International Journal on Very Large Data Bases},
  volume={7},
  number={1},
  pages={48--66},
  year={1998},
  publisher={Springer-Verlag New York, Inc.}
}

@article{zhao2014dache,
  title={Dache: A data aware caching for big-data applications using the MapReduce framework},
  author={Zhao, Yaxiong and Wu, Jie and Liu, Cong},
  journal={Tsinghua science and technology},
  volume={19},
  number={1},
  pages={39--50},
  year={2014},
  publisher={TUP}
}

@inproceedings{pinto2017lara,
  title={LARA as a language-independent aspect-oriented programming approach},
  author={Pinto, Pedro and Carvalho, Tiago and Bispo, Jo{\~a}o and Cardoso, Jo{\~a}o MP},
  booktitle={Proceedings of the Symposium on Applied Computing},
  pages={1623--1630},
  year={2017},
  organization={ACM}
}


@article{zanella2014internet,
  title={Internet of things for smart cities},
  author={Zanella, Andrea and Bui, Nicola and Castellani, Angelo and Vangelista, Lorenzo and Zorzi, Michele},
  journal={IEEE Internet of Things journal},
  volume={1},
  number={1},
  pages={22--32},
  year={2014},
  publisher={IEEE}
}